@inproceedings{alonso2013associative,
    year = {2013},
    pages = {141--146},
    title = {Associative Reinforcement Learning-A Proposal to Build Truly Adaptive Agents and Multi-agent Systems},
    volume = {2},
    booktitle = {International Conference on Agents and Artificial Intelligence},
    organization = {SCITEPRESS},
    author = {Alonso, Eduardo and Mondrag{\'o}n, Esther}
}

@misc{amodei2018ai,
    url = {openai.com/blog/ai-and-compute/},
    year = {2018},
    title = {{AI and Compute}},
    urldate = {2021-11-28},
    author = {Amodei, Dario and Hernandez, Danny and Sastry, Girish and Clark, Jack and Brockman, Greg and Sutskever, Ilya}
}

@article{arulkumaran2017deep,
    year = {2017},
    pages = {26--38},
    title = {Deep reinforcement learning: A brief survey},
    number = {6},
    volume = {34},
    journal = {IEEE Signal Processing Magazine},
    publisher = {IEEE},
    author = {Arulkumaran, Kai and Deisenroth, Marc Peter and Brundage, Miles and Bharath, Anil Anthony}
}

@article{Baek2021,
    year = {2021},
    pages = {871--876},
    title = {Accurate prediction of protein structures and interactions using a three-track neural network},
    number = {6557},
    volume = {373},
    journal = {Science},
    publisher = {American Association for the Advancement of Science},
    author = {Baek, Minkyung and DiMaio, Frank and Anishchenko, Ivan and Dauparas, Justas and Ovchinnikov, Sergey and Lee, Gyu Rie and Wang, Jue and Cong, Qian and Kinch, Lisa N and Schaeffer, R Dustin and others}
}

@book{barr1990category,
    year = {1990},
    title = {Category theory for computing science},
    volume = {1},
    publisher = {Prentice Hall New York},
    author = {Barr, Michael and Wells, Charles}
}

@article{Battaglia2018,
    year = {2018},
    title = {Relational inductive biases, deep learning, and graph networks},
    journal = {arXiv preprint arXiv:1806.01261},
    author = {Battaglia, Peter W and Hamrick, Jessica B and Bapst, Victor and Sanchez-Gonzalez, Alvaro and Zambaldi, Vinicius and Malinowski, Mateusz and Tacchetti, Andrea and Raposo, David and Santoro, Adam and Faulkner, Ryan and others}
}

@article{Batzner2022,
    year = {2022},
    pages = {2453},
    title = {E (3)-equivariant graph neural networks for data-efficient and accurate interatomic potentials},
    number = {1},
    volume = {13},
    journal = {Nature communications},
    publisher = {Nature Publishing Group UK London},
    author = {Batzner, Simon and Musaelian, Albert and Sun, Lixin and Geiger, Mario and Mailoa, Jonathan P and Kornbluth, Mordechai and Molinari, Nicola and Smidt, Tess E and Kozinsky, Boris}
}

@article{Bengio2013,
    doi = {10.1109/TPAMI.2013.50},
    issn = {01628828},
    pmid = {23787338},
    year = {2014},
    pages = {1798--1828},
    title = {{Representation learning: A review and new perspectives}},
    eprint = {1206.5538},
    number = {8},
    volume = {35},
    arxivid = {1206.5538},
    journal = {IEEE Transactions on Pattern Analysis and Machine Intelligence},
    keywords = {Boltzmann machine,Deep learning,autoencoder,feature learning,neural nets,representation learning,unsupervised learning},
    archiveprefix = {arXiv},
    author = {Bengio, Yoshua and Courville, Aaron and Vincent, Pascal}
}

@article{Bernardi2020,
    year = {2020},
    pages = {954--967},
    title = {The geometry of abstraction in the hippocampus and prefrontal cortex},
    number = {4},
    volume = {183},
    journal = {Cell},
    publisher = {Elsevier},
    author = {Bernardi, Silvia and Benna, Marcus K and Rigotti, Mattia and Munuera, J{\'e}r{\^o}me and Fusi, Stefano and Salzman, C Daniel}
}

@article{botteghi2022unsupervised,
    year = {2022},
    title = {Unsupervised representation learning in deep reinforcement learning: A review},
    journal = {arXiv preprint arXiv:2208.14226},
    author = {Botteghi, Nicol{\`o} and Poel, Mannes and Brune, Christoph}
}

@inproceedings{Boutilier1996,
    year = {1996},
    pages = {1168--1175},
    title = {Computing optimal policies for partially observable decision processes using compact representations},
    booktitle = {Proceedings of the National Conference on Artificial Intelligence},
    author = {Boutilier, Craig and Poole, David}
}

@article{Bronstein2021,
    year = {2021},
    title = {Geometric deep learning: Grids, groups, graphs, geodesics, and gauges},
    journal = {arXiv preprint arXiv:2104.13478},
    author = {Bronstein, Michael M and Bruna, Joan and Cohen, Taco and Veli{\v{c}}kovi{\'c}, Petar}
}

@article{burgess2018understanding,
    year = {2018},
    title = {Understanding disentangling in $\beta$-VAE},
    journal = {arXiv preprint arXiv:1804.03599},
    author = {Burgess, Christopher P and Higgins, Irina and Pal, Arka and Matthey, Loic and Watters, Nick and Desjardins, Guillaume and Lerchner, Alexander}
}

@article{caselles2019symmetry,
    year = {2019},
    title = {Symmetry-based disentangled representation learning requires interaction with environments},
    volume = {32},
    journal = {Advances in Neural Information Processing Systems},
    author = {Caselles-Dupr{\'e}, Hugo and Garcia Ortiz, Michael and Filliat, David}
}

@article{caselles2020sensory,
    year = {2020},
    title = {On the sensory commutativity of action sequences for embodied agents},
    journal = {arXiv preprint arXiv:2002.05630},
    author = {Caselles-Dupr{\'e}, Hugo and Garcia-Ortiz, Michael and Filliat, David}
}

@inproceedings{Chen2020,
    year = {2020},
    pages = {1597--1607},
    title = {A simple framework for contrastive learning of visual representations},
    booktitle = {International conference on machine learning},
    organization = {PMLR},
    author = {Chen, Ting and Kornblith, Simon and Norouzi, Mohammad and Hinton, Geoffrey}
}

@inproceedings{Cobbe2019,
    year = {2019},
    pages = {1282--1289},
    title = {Quantifying generalization in reinforcement learning},
    booktitle = {International Conference on Machine Learning},
    organization = {PMLR},
    author = {Cobbe, Karl and Klimov, Oleg and Hesse, Chris and Kim, Taehoon and Schulman, John}
}

@article{Dai2021,
    year = {2021},
    pages = {3965--3977},
    title = {Coatnet: Marrying convolution and attention for all data sizes},
    volume = {34},
    journal = {Advances in neural information processing systems},
    author = {Dai, Zihang and Liu, Hanxiao and Le, Quoc V and Tan, Mingxing}
}

@incollection{edelman1997learning,
    year = {1997},
    pages = {353--380},
    title = {Learning as extraction of low-dimensional representations},
    volume = {36},
    booktitle = {Psychology of learning and motivation},
    publisher = {Elsevier},
    author = {Edelman, Shimon and Intrator, Nathan}
}

@inproceedings{Espeholt2018,
    year = {2018},
    pages = {1407--1416},
    title = {Impala: Scalable distributed deep-rl with importance weighted actor-learner architectures},
    booktitle = {International conference on machine learning},
    organization = {PMLR},
    author = {Espeholt, Lasse and Soyer, Hubert and Munos, Remi and Simonyan, Karen and Mnih, Vlad and Ward, Tom and Doron, Yotam and Firoiu, Vlad and Harley, Tim and Dunning, Iain and others}
}

@article{flesch2022orthogonal,
    year = {2022},
    pages = {1258--1270},
    title = {Orthogonal representations for robust context-dependent task performance in brains and neural networks},
    number = {7},
    volume = {110},
    journal = {Neuron},
    publisher = {Elsevier},
    author = {Flesch, Timo and Juechems, Keno and Dumbalska, Tsvetomira and Saxe, Andrew and Summerfield, Christopher}
}

@article{Higgins2018,
    year = {2018},
    title = {Towards a definition of disentangled representations},
    journal = {arXiv preprint arXiv:1812.02230},
    author = {Higgins, Irina and Amos, David and Pfau, David and Racaniere, Sebastien and Matthey, Loic and Rezende, Danilo and Lerchner, Alexander}
}

@misc{Higgins2022,
    year = {2022},
    title = {Symmetry-Based Representations for Artificial and Biological General Intelligence},
    eprint = {2203.09250},
    primaryclass = {q-bio.NC},
    archiveprefix = {arXiv},
    author = {Irina Higgins and Sébastien Racanière and Danilo Rezende}
}

@inproceedings{Hu2018,
    year = {2018},
    pages = {7132--7141},
    title = {Squeeze-and-excitation networks},
    booktitle = {Proceedings of the IEEE conference on computer vision and pattern recognition},
    author = {Hu, Jie and Shen, Li and Sun, Gang}
}

@article{ito2022compositional,
    year = {2022},
    pages = {32225--32239},
    title = {Compositional generalization through abstract representations in human and artificial neural networks},
    volume = {35},
    journal = {Advances in Neural Information Processing Systems},
    author = {Ito, Takuya and Klinger, Tim and Schultz, Doug and Murray, John and Cole, Michael and Rigotti, Mattia}
}

@article{Jaderberg2016,
    year = {2016},
    title = {Reinforcement learning with unsupervised auxiliary tasks},
    journal = {arXiv preprint arXiv:1611.05397},
    author = {Jaderberg, Max and Mnih, Volodymyr and Czarnecki, Wojciech Marian and Schaul, Tom and Leibo, Joel Z and Silver, David and Kavukcuoglu, Koray}
}

@article{jha2023extracting,
    year = {2023},
    pages = {e13226},
    title = {Extracting low-dimensional psychological representations from convolutional neural networks},
    number = {1},
    volume = {47},
    journal = {Cognitive science},
    publisher = {Wiley Online Library},
    author = {Jha, Aditi and Peterson, Joshua C and Griffiths, Thomas L}
}

@article{Johnston2023,
    year = {2023},
    pages = {1040},
    title = {Abstract representations emerge naturally in neural networks trained to perform multiple tasks},
    number = {1},
    volume = {14},
    journal = {Nature Communications},
    publisher = {Nature Publishing Group UK London},
    author = {Johnston, W Jeffrey and Fusi, Stefano}
}

@inproceedings{Keurti2023homomorphism,
    year = {2023},
    pages = {16190--16215},
    title = {Homomorphism Autoencoder--Learning Group Structured Representations from Observed Transitions},
    booktitle = {International Conference on Machine Learning},
    organization = {PMLR},
    author = {Keurti, Hamza and Pan, Hsiao-Ru and Besserve, Michel and Grewe, Benjamin F and Sch{\"o}lkopf, Bernhard}
}

@article{Kirchhoff2018,
    year = {2018},
    pages = {20170792},
    title = {The Markov blankets of life: autonomy, active inference and the free energy principle},
    number = {138},
    volume = {15},
    journal = {Journal of The royal society interface},
    publisher = {The Royal Society},
    author = {Kirchhoff, Michael and Parr, Thomas and Palacios, Ensor and Friston, Karl and Kiverstein, Julian}
}

@inproceedings{Kohler2020,
    year = {2020},
    pages = {5361--5370},
    title = {Equivariant flows: exact likelihood generative learning for symmetric densities},
    booktitle = {International conference on machine learning},
    organization = {PMLR},
    author = {K{\"o}hler, Jonas and Klein, Leon and No{\'e}, Frank}
}

@article{kokkola2019double,
    year = {2019},
    pages = {506},
    title = {A double error dynamic asymptote model of associative learning.},
    number = {4},
    volume = {126},
    journal = {Psychological review},
    publisher = {American Psychological Association},
    author = {Kokkola, Niklas H and Mondrag{\'o}n, Esther and Alonso, Eduardo}
}

@article{Krizhevsky2012,
    year = {2012},
    title = {Imagenet classification with deep convolutional neural networks},
    volume = {25},
    journal = {Advances in neural information processing systems},
    author = {Krizhevsky, Alex and Sutskever, Ilya and Hinton, Geoffrey E}
}

@article{LeCun1995,
    year = {1995},
    pages = {1995},
    title = {Convolutional networks for images, speech, and time series},
    number = {10},
    volume = {3361},
    journal = {The handbook of brain theory and neural networks},
    publisher = {Citeseer},
    author = {LeCun, Yann and Bengio, Yoshua and others}
}

@article{lehnert2020reward,
    year = {2020},
    pages = {e1008317},
    title = {Reward-predictive representations generalize across tasks in reinforcement learning},
    number = {10},
    volume = {16},
    journal = {PLoS computational biology},
    publisher = {Public Library of Science},
    author = {Lehnert, Lucas and Littman, Michael L and Frank, Michael J}
}

@article{Lesort2018StateRL,
    doi = {10.1016/j.neunet.2018.07.006},
    issn = {18792782},
    year = {2018},
    pages = {379--392},
    title = {{State representation learning for control: An overview}},
    eprint = {1802.04181},
    volume = {108},
    arxivid = {1802.04181},
    journal = {Neural Networks},
    keywords = {Disentanglement of control factors,Learning disentangled representations,Low dimensional embedding learning,Reinforcement learning,Robotics,State representation learning},
    archiveprefix = {arXiv},
    author = {Lesort, Timothée and Díaz-Rodríguez, Natalia and Goudou, Jean Fran\c{c}ois and Filliat, David}
}

@article{li2017deep,
    year = {2017},
    title = {Deep reinforcement learning: An overview},
    journal = {arXiv preprint arXiv:1701.07274},
    author = {Li, Yuxi}
}

@article{mack2020ventromedial,
    year = {2020},
    pages = {46},
    title = {Ventromedial prefrontal cortex compression during concept learning},
    number = {1},
    volume = {11},
    journal = {Nature communications},
    publisher = {Nature Publishing Group UK London},
    author = {Mack, Michael L and Preston, Alison R and Love, Bradley C}
}

@inproceedings{Marchetti2023,
    pdf = {https://proceedings.mlr.press/v206/marchetti23b/marchetti23b.pdf},
    note = {Conference dates: 25-27 April},
    year = {2023},
    month = {4},
    pages = {4745--4756},
    title = {Equivariant Representation Learning via Class-Pose Decomposition},
    series = {Proceedings of Machine Learning Research},
    volume = {206},
    booktitle = {Proceedings of The 26th International Conference on Artificial Intelligence and Statistics},
    publisher = {PMLR},
    author = {Marchetti, Giovanni Luca and Tegn\'er, Gustaf and Varava, Anastasiia and Kragic, Danica},
    editor = {Ruiz, Francisco and Dy, Jennifer and van de Meent, Jan-Willem}
}

@article{marcus2018deep,
    year = {2018},
    title = {Deep learning: A critical appraisal},
    journal = {arXiv preprint arXiv:1801.00631},
    author = {Marcus, Gary}
}

@inproceedings{Mercatali2022,
    year = {2022},
    pages = {31497--31511},
    title = {Symmetry-induced Disentanglement on Graphs},
    volume = {35},
    booktitle = {Advances in Neural Information Processing Systems},
    publisher = {Curran Associates, Inc.},
    author = {Mercatali, Giangiacomo and Freitas, Andre and Garg, Vikas},
    editor = {S. Koyejo and S. Mohamed and A. Agarwal and D. Belgrave and K. Cho and A. Oh}
}

@article{Miyato2022unsupervised,
    year = {2022},
    pages = {768--781},
    title = {Unsupervised learning of equivariant structure from sequences},
    volume = {35},
    journal = {Advances in Neural Information Processing Systems},
    author = {Miyato, Takeru and Koyama, Masanori and Fukumizu, Kenji}
}

@article{mohamed2022self,
    year = {2022},
    title = {Self-supervised speech representation learning: A review},
    journal = {IEEE Journal of Selected Topics in Signal Processing},
    publisher = {IEEE},
    author = {Mohamed, Abdelrahman and Lee, Hung-yi and Borgholt, Lasse and Havtorn, Jakob D and Edin, Joakim and Igel, Christian and Kirchhoff, Katrin and Li, Shang-Wen and Livescu, Karen and Maal{\o}e, Lars and others}
}

@article{momennejad2020learning,
    year = {2020},
    pages = {155--166},
    title = {Learning structures: predictive representations, replay, and generalization},
    volume = {32},
    journal = {Current Opinion in Behavioral Sciences},
    publisher = {Elsevier},
    author = {Momennejad, Ida}
}

@inproceedings{munk2016learning,
    year = {2016},
    pages = {4667--4673},
    title = {Learning state representation for deep actor-critic control},
    booktitle = {2016 IEEE 55th conference on decision and control (CDC)},
    organization = {IEEE},
    author = {Munk, Jelle and Kober, Jens and Babu{\v{s}}ka, Robert}
}

@article{nian2020review,
    year = {2020},
    pages = {106886},
    title = {A review on reinforcement learning: Introduction and applications in industrial process control},
    volume = {139},
    journal = {Computers \& Chemical Engineering},
    publisher = {Elsevier},
    author = {Nian, Rui and Liu, Jinfeng and Huang, Biao}
}

@article{Niv2019,
    doi = {10.1038/s41593-019-0470-8},
    year = {2019},
    month = {10},
    pages = {1544-1553},
    title = {Learning task-state representations},
    volume = {22},
    journal = {Nature Neuroscience},
    publisher = {Nature Publishing Group US New York},
    author = {Niv, Yael}
}

@article{Noether1918,
    year = {1918},
    pages = {235--257},
    title = {{Invariante Variationsprobleme}},
    volume = {1918},
    journal = {Nachrichten von der Gesellschaft der Wissenschaften zu G{\"{o}}ttingen, Mathematisch-Physikalische Klasse},
    author = {Noether, E}
}

@article{op2001inferotemporal,
    year = {2001},
    pages = {1244--1252},
    title = {Inferotemporal neurons represent low-dimensional configurations of parameterized shapes},
    number = {12},
    volume = {4},
    journal = {Nature neuroscience},
    publisher = {Nature Publishing Group US New York},
    author = {Op de Beeck, Hans and Wagemans, Johan and Vogels, Rufin}
}

@article{Palacios2020,
    year = {2020},
    pages = {110089},
    title = {On Markov blankets and hierarchical self-organisation},
    volume = {486},
    journal = {Journal of theoretical biology},
    publisher = {Elsevier},
    author = {Palacios, Ensor Rafael and Razi, Adeel and Parr, Thomas and Kirchhoff, Michael and Friston, Karl}
}

@article{Park2022learning,
    year = {2022},
    title = {Learning symmetric embeddings for equivariant world models},
    journal = {arXiv preprint arXiv:2204.11371},
    author = {Park, Jung Yeon and Biza, Ondrej and Zhao, Linfeng and van de Meent, Jan Willem and Walters, Robin}
}

@article{Pfau2020disentangling,
    year = {2020},
    pages = {17403--17415},
    title = {Disentangling by subspace diffusion},
    volume = {33},
    journal = {Advances in Neural Information Processing Systems},
    author = {Pfau, David and Higgins, Irina and Botev, Alex and Racani{\`e}re, S{\'e}bastien}
}

@article{Quessard2020learning,
    year = {2020},
    pages = {19727--19737},
    title = {Learning disentangled representations and group structure of dynamical environments},
    volume = {33},
    journal = {Advances in Neural Information Processing Systems},
    author = {Quessard, Robin and Barrett, Thomas and Clements, William}
}

@article{raffin2019decoupling,
    year = {2019},
    title = {Decoupling feature extraction from policy learning: assessing benefits of state representation learning in goal based robotics},
    journal = {arXiv preprint arXiv:1901.08651},
    author = {Raffin, Antonin and Hill, Ashley and Traor{\'e}, Ren{\'e} and Lesort, Timoth{\'e}e and D{\'\i}az-Rodr{\'\i}guez, Natalia and Filliat, David}
}

@article{Ramstead2020,
    doi = {10.3390/e22080889},
    url = {https://www.mdpi.com/1099-4300/22/8/889},
    issn = {1099-4300},
    year = {2020},
    title = {Is the Free-Energy Principle a Formal Theory of Semantics? From Variational Density Dynamics to Neural and Phenotypic Representations},
    number = {8},
    volume = {22},
    journal = {Entropy},
    pubmedid = {33286659},
    article-number = {889},
    author = {Ramstead, Maxwell J. D. and Friston, Karl J. and Hipólito, Inês}
}

@book{riehl2017category,
    year = {2017},
    title = {Category theory in context},
    publisher = {Courier Dover Publications},
    author = {Riehl, Emily}
}

@article{shepard1987toward,
    year = {1987},
    pages = {1317--1323},
    title = {Toward a universal law of generalization for psychological science},
    number = {4820},
    volume = {237},
    journal = {Science},
    publisher = {American Association for the Advancement of Science},
    author = {Shepard, Roger N}
}

@article{Silver2016,
    year = {2016},
    pages = {484--489},
    title = {Mastering the game of Go with deep neural networks and tree search},
    number = {7587},
    volume = {529},
    journal = {nature},
    publisher = {Nature Publishing Group},
    author = {Silver, David and Huang, Aja and Maddison, Chris J and Guez, Arthur and Sifre, Laurent and Van Den Driessche, George and Schrittwieser, Julian and Antonoglou, Ioannis and Panneershelvam, Veda and Lanctot, Marc and others}
}

@article{soatto2011steps,
    year = {2011},
    title = {Steps towards a theory of visual information: Active perception, signal-to-symbol conversion and the interplay between sensing and control},
    journal = {arXiv preprint arXiv:1110.2053},
    author = {Soatto, Stefano}
}

@book{sutton2018reinforcement,
    year = {2018},
    title = {Reinforcement learning: An introduction},
    publisher = {MIT press},
    author = {Sutton, Richard S and Barto, Andrew G}
}

@article{thomas2018disentangling,
    year = {2018},
    title = {Disentangling the independently controllable factors of variation by interacting with the world},
    journal = {arXiv preprint arXiv:1802.09484},
    author = {Thomas, Valentin and Bengio, Emmanuel and Fedus, William and Pondard, Jules and Beaudoin, Philippe and Larochelle, Hugo and Pineau, Joelle and Precup, Doina and Bengio, Yoshua}
}

@article{thompson2020computational,
    year = {2020},
    title = {The computational limits of deep learning},
    journal = {arXiv preprint arXiv:2007.05558},
    author = {Thompson, Neil C and Greenewald, Kristjan and Lee, Keeheon and Manso, Gabriel F}
}

@article{voulodimos2018deep,
    year = {2018},
    title = {Deep learning for computer vision: A brief review},
    volume = {2018},
    journal = {Computational intelligence and neuroscience},
    publisher = {Hindawi},
    author = {Voulodimos, Athanasios and Doulamis, Nikolaos and Doulamis, Anastasios and Protopapadakis, Eftychios and others}
}

@article{Wang2021self,
    year = {2021},
    pages = {18225--18240},
    title = {Self-supervised learning disentangled group representation as feature},
    volume = {34},
    journal = {Advances in Neural Information Processing Systems},
    author = {Wang, Tan and Yue, Zhongqi and Huang, Jianqiang and Sun, Qianru and Zhang, Hanwang}
}

@article{wang2022disentangled,
    year = {2022},
    title = {Disentangled representation learning},
    journal = {arXiv preprint arXiv:2211.11695},
    author = {Wang, Xin and Chen, Hong and Tang, Si'ao and Wu, Zihao and Zhu, Wenwu}
}

@article{Wang2022surprising,
    year = {2022},
    title = {The surprising effectiveness of equivariant models in domains with latent symmetry},
    journal = {arXiv preprint arXiv:2211.09231},
    author = {Wang, Dian and Park, Jung Yeon and Sortur, Neel and Wong, Lawson LS and Walters, Robin and Platt, Robert}
}

@article{Zhang2019,
    year = {2019},
    title = {Learning causal state representations of partially observable environments},
    journal = {arXiv preprint arXiv:1906.10437},
    author = {Zhang, Amy and Lipton, Zachary C and Pineda, Luis and Azizzadenesheli, Kamyar and Anandkumar, Anima and Itti, Laurent and Pineau, Joelle and Furlanello, Tommaso}
}

@inproceedings{Zhu2021commutative,
    year = {2021},
    pages = {12924--12934},
    title = {Commutative lie group vae for disentanglement learning},
    booktitle = {International Conference on Machine Learning},
    organization = {PMLR},
    author = {Zhu, Xinqi and Xu, Chang and Tao, Dacheng}
}

@article{Lake2017,
    doi = {10.1017/S0140525X16001837},
    file = {:D$\backslash$:/Google Drive/City, University London/9. MSc Project {\&} PhD/Papers/(Lake et al, 2016) Building Machines That Learn and Think Like People.pdf:pdf},
    issn = {14691825},
    year = {2017},
    pages = {1--58},
    title = {{Building machines that learn and think like people}},
    eprint = {arXiv:1604.00289v3},
    number = {2012},
    volume = {40},
    arxivId = {arXiv:1604.00289v3},
    journal = {Behavioral and Brain Sciences},
    archivePrefix = {arXiv},
    author = {Lake, Brenden M. and Ullman, Tomer D. and Tenenbaum, Joshua B. and Gershman, Samuel J.}
}

@misc{Mathworld-group,
    url = {\url{https://mathworld.wolfram.com/Group.html}},
    title = {{Group}},
    urldate = {2021-11-25},
    author = {Weisstein, Eric W.}
}

@misc{Mathworld-group-theory,
    url = {\url{https://mathworld.wolfram.com/GroupTheory.html}},
    title = {{Group Theory}},
    urldate = {2021-11-25},
    author = {Weisstein, Eric W.}
}

@article{Munk2016,
    doi = {10.1109/CDC.2016.7798980},
    isbn = {9781509018376},
    year = {2016},
    pages = {4667--4673},
    title = {{Learning state representation for deep actor-critic control}},
    journal = {2016 IEEE 55th Conference on Decision and Control, CDC 2016},
    author = {Munk, Jelle and Kober, Jens and Babuska, Robert}
}

@book{Russell2010,
    doi = {10.1017/S0269888900007724},
    isbn = {9780136042594},
    issn = {0269-8889},
    pmid = {20949757},
    year = {2010},
    title = {{Artificial Intelligence A Modern Approach Third Edition}},
    eprint = {9809069v1},
    arxivId = {arXiv:gr-qc/9809069v1},
    booktitle = {Pearson},
    publisher = {Alan Apt},
    primaryClass = {arXiv:gr-qc},
    archivePrefix = {arXiv},
    author = {Russell, Stuart and Norvig, Peter}
}

@article{Sauders2018,
    url = {\url{https://arxiv.org/abs/1707.05173}},
    isbn = {9781510868083},
    issn = {15582914},
    year = {2018},
    pages = {2067--2069},
    title = {{Trial without error: Towards safe reinforcement learning via human intervention}},
    eprint = {1707.05173},
    number = {Figure 1},
    volume = {3},
    arxivId = {1707.05173},
    journal = {Proceedings of the International Joint Conference on Autonomous Agents and Multiagent Systems, AAMAS},
    archivePrefix = {arXiv},
    author = {Saunders, William and Stuhlm{\"{u}}ller, Andreas and Sastry, Girish and Evans, Owain}
}

@article{Silver2017a,
    url = {\url{http://arxiv.org/abs/1712.01815}},
    year = {2017},
    pages = {1--19},
    title = {{Mastering Chess and Shogi by Self-Play with a General Reinforcement Learning Algorithm}},
    eprint = {1712.01815},
    arxivId = {1712.01815},
    archivePrefix = {arXiv},
    author = {Silver, David and Hubert, Thomas and Schrittwieser, Julian and Antonoglou, Ioannis and Lai, Matthew and Guez, Arthur and Lanctot, Marc and Sifre, Laurent and Kumaran, Dharshan and Graepel, Thore and Lillicrap, Timothy and Simonyan, Karen and Hassabis, Demis}
}

@article{Silver2017b,
    doi = {10.1038/nature24270},
    issn = {14764687},
    pmid = {29052630},
    year = {2017},
    pages = {354--359},
    title = {{Mastering the game of Go without human knowledge}},
    number = {7676},
    volume = {550},
    journal = {Nature},
    author = {Silver, David and Schrittwieser, Julian and Simonyan, Karen and Antonoglou, Ioannis and Huang, Aja and Guez, Arthur and Hubert, Thomas and Baker, Lucas and Lai, Matthew and Bolton, Adrian and Chen, Yutian and Lillicrap, Timothy and Hui, Fan and Sifre, Laurent and {Van Den Driessche}, George and Graepel, Thore and Hassabis, Demis}
}

@misc{associativity2019,
    url = {\url{https://ncatlab.org/nlab/show/associativity}},
    year = {2019},
    title = {{Associativity}},
    urldate = {2020-10-31},
    author = {The nLab}
}

@misc{functor2020,
    url = {\url{https://ncatlab.org/nlab/show/functor}},
    year = {2020},
    title = {{Functor}},
    urldate = {2020-10-31},
    author = {The nLab}
}

@misc{group_like_table,
    url = {\url{https://en.wikipedia.org/wiki/Groupoid}},
    title = {{Groupoids}},
    urldate = {2020-10-31},
    author = {Wikipedia}
}

@misc{natural_transform2020,
    url = {\url{https://ncatlab.org/nlab/show/natural+transformation}},
    year = {2020},
    title = {{Natural transformation}},
    urldate = {2020-10-31},
    author = {The nLab}
}

@misc{transtrum2015sloppiness,
    year = {2015},
    title = {Sloppiness and Emergent Theories in Physics, Biology, and Beyond},
    eprint = {1501.07668},
    primaryclass = {cond-mat.stat-mech},
    archiveprefix = {arXiv},
    author = {Mark K. Transtrum and Benjamin Machta and Kevin Brown and Bryan C. Daniels and Christopher R. Myers and James P. Sethna}
}

@misc{luo2019expressiveness,
    year = {2019},
    title = {Expressiveness in Deep Reinforcement Learning},
    author = {Xufang Luo and Qi Meng and Di He and Wei Chen and Yunhong Wang and Tie-Yan Liu}
}

